

@book{leveque2002finite,
  title={Finite Volume Methods for Hyperbolic Problems},
  author={LeVeque, R.J.},
  isbn={9780521009249},
  lccn={2001052642},
  series={Cambridge Texts in Applied Mathematics},
  url={https://books.google.de/books?id=O\_ZjpMSZiwoC},
  year={2002},
  publisher={Cambridge University Press}
}

@techreport{delestre:hal-00932234,
  TITLE = {{FullSWOF: A free software package for the simulation of shallow water flows}},
  AUTHOR = {Delestre, Olivier and Darboux, Fr{\'e}d{\'e}ric and James, Francois and Lucas, Carine and Laguerre, Christian and Cordier, Stephane},
  URL = {https://hal.archives-ouvertes.fr/hal-00932234},
  NOTE = {38 pages},
  TYPE = {Research Report},
  INSTITUTION = {{Mapmo, universit{\'e} d'Orl{\'e}ans ; Institut National de la Recherche Agronomique}},
  YEAR = {2014},
  MONTH = Jan,
  KEYWORDS = {Software ; Hydrology ; Simulation ; Flow ; Saint-Venant ; Shallow water equations ; Overland flow},
  PDF = {https://hal.archives-ouvertes.fr/hal-00932234/file/FullSWOF.pdf},
  HAL_ID = {hal-00932234},
  HAL_VERSION = {v2},
}

@book{strang2007computational,
  title={Computational Science and Engineering},
  author={Strang, G.},
  isbn={9780961408817},
  lccn={84052450},
  url={https://books.google.de/books?id=GQ9pQgAACAAJ},
  year={2007},
  publisher={Wellesley-Cambridge Press}
}


@article{doi:10.1137/141000671,
author = {Jeff Bezanson and Alan Edelman and Stefan Karpinski and Viral B. Shah},
title = {Julia: A Fresh Approach to Numerical Computing},
journal = {SIAM Review},
volume = {59},
number = {1},
pages = {65-98},
year = {2017},
doi = {10.1137/141000671},

URL = { 
        https://doi.org/10.1137/141000671
    
},
eprint = { 
        https://doi.org/10.1137/141000671
    
}

}

% example of an IETF reference
@misc{ietf-ipfix-protocol,
   Author = {B. Claise},
   Title = {{IPFIX} Protocol Specifications},
   Month = {December},
   Year = {2004},
   howpublished = {Internet-Draft, draft-ietf-ipfix-protocol-07}
}

% example of a conference proceedings reference
@inproceedings{snoeren2001hash,
   Author = {Snoeren, Alex C. and Partridge, Craig and Sanchez, Luis A. and Jones, Christine E. and Tchakountio, Fabrice and Kent, Stephen T. and Strayer, W. Timothy},
   Title = {Hash-Based {IP} Traceback},
   BookTitle = {ACM SIGCOMM 2001 Conference on Applications, Technologies, Architectures, and Protocols for Computer Communication},
 Year = {2001} }

% example of an article reference
@article{belenky2003ip,
   Author = {Belenky, A. and Ansari, N.},
   Title = {{IP} traceback with deterministic packet marking},
   Journal = {IEEE Communications Letters},
   Volume = {7},
   Number = {4},
   Pages = {162-164},
 Year = {2003} }

